2021 3428
883 314 944 362 71

164 432 486 501 propositam
524 430 823 498 expediunt.
862 435 1097 500 Uterque
1132 452 1282 482 sexus
1308 445 1476 500 partes
1515 436 1659 501 geni-

166 520 291 565 tales
319 515 546 583 possidet
579 517 864 564 extensiles.
899 520 1003 564 Mas
1026 518 1212 565 tubum
1239 519 1471 583 longum,
1501 518 1668 584 cylin-

161 601 381 655 (tticum,
410 600 553 666 apice
582 610 912 647 attenuatum
933 619 994 648 ex
1023 601 1298 648 abdomine
1322 619 1553 649 exserere
1578 620 1668 667 po·-

165 695 280 731 test.
324 682 506 730 Tubus
544 682 637 729 iste
669 684 875 749 capsula
919 683 1116 749 duplici
1165 695 1505 739 sustentatur,
1545 702 1663 749 quse

159 767 361 814 laminis
398 766 531 813 binis
567 766 841 824 basalibus‚
879 778 929 814 et
955 766 1132 814 mediis
1174 762 1523 832 componitur.
1569 770 1666 814 La-

162 852 314 898 minae
353 851 543 898 basales
567 889 579 907 ,
645 851 868 907 latiores,
902 851 1201 907 crassiores,
1256 868 1410 917 supra
1447 862 1499 898 et
1532 850 1665 899 infra

170 936 349 983 locatae
389 935 460 982 ita
496 946 618 982 sunt
651 934 930 1001 dispositae,
961 947 1020 982 ut
1054 935 1264 982 lauimas
1291 934 1498 993 medias,
1552 937 1664 982 lon-

166 1019 337 1085 giores
377 1021 746 1085 tenuioresque
781 1031 833 1067 et
864 1020 1128 1086 reliquum
1158 1020 1345 1067 tubum
1370 1019 1422 1066 in
1464 1036 1515 1068 se
1539 1020 1669 1067 reci-

162 1120 285 1169 pere
319 1113 371 1150 et
391 1100 613 1150 condere
648 1102 864 1168 possint.
903 1102 1158 1150 Dentibus
1196 1102 1506 1150 terminatur
1534 1102 1668 1150 duo-

160 1185 258 1232 bus
295 1197 388 1232 aut
427 1186 575 1253 stylis
608 1185 877 1252 depressis,
914 1186 1083 1234 medio
1123 1187 1456 1235 exeuntibus.

225 1286 516 1336 Oviduetus
553 1286 758 1336 feminae
782 1288 1064 1355 simplicior
1101 1300 1179 1336 est
1216 1299 1269 1336 et
1300 1288 1522 1337 brevior.
1559 1291 1667 1338 Tu-

160 1370 260 1418 bus
319 1370 535 1438 simplex
588 1383 826 1419 exsertur
885 1371 1021 1420 inter
1075 1371 1287 1419 laminas
1357 1371 1664 1430 abdominis,

156 1465 386 1521 apertus,
440 1473 588 1521 acque
642 1455 958 1515 bidentatus,
992 1456 1081 1505 sed
1114 1456 1362 1505 dentibus
1413 1457 1668 1505 breviori-

157 1537 273 1593 bus,
310 1539 629 1586 lateralibus.

220 1621 279 1667 In
313 1622 603 1686 specierum
640 1621 945 1670 definitione
980 1641 1075 1671 nec
1113 1624 1271 1682 color,
1321 1640 1417 1670 nec
1453 1622 1666 1671 declivi-

158 1716 236 1752 tas
270 1707 563 1771 elytrorum
601 1719 1054 1755 commemoratur.
1110 1709 1204 1756 Ille
1265 1725 1465 1774 semper
1514 1707 1661 1772 niger

156 1788 268 1836 haec
301 1787 555 1854 gradatim
593 1791 921 1838 solummodo
956 1791 1147 1839 differt.

150 1943 199 1986 A.
234 1941 487 1987 BLAPTES
519 1940 795 1987 THORACE
829 1944 1249 2001 TRANSVERSO,
1291 1944 1658 1990 MARGINATO.

627 2074 711 2123 72.
747 2077 893 2123 BLAPs
930 2076 1209 2126 lzolconoza.

152 2190 232 2239 ΒΖ.
270 2189 476 2239 thorace
507 2201 822 2252 transverso,
861 2199 1195 2258 marginem,
1245 2197 1494 2247 levissime
1530 2215 1661 2265 pun-

287 2286 458 2335 ctat03
495 2277 678 2342 elytrls
711 2280 945 2338 sulcatis,
983 2283 1144 2330 salcis
1181 2283 1466 2351 subplanc‘s,
1499 2288 1660 2333 inter-

281 2364 445 2409 stillis
488 2367 776 2429 punctalis,
813 2365 957 2428 longe
998 2372 1331 2416 mucroncztc's.

606 2500 731 2550 Long.
769 2503 815 2536 13
845 2501 920 2538 lin.
944 2504 1031 2539 Lat.
1061 2507 1084 2540 6
1115 2505 1191 2542 lin.

749 2624 877 2661 RATxo
906 2639 1083 2662 mmmm:

531 2735 696 2783 capitis,
781 2734 974 2779 thoracis,
1033 2737 1271 2787 elycrorum,
1329 2743 1544 2776 mucronis.

252 2800 375 2851 Long.
593 2810 613 2840 2
829 2810 851 2843 3
883 2806 936 2852 Ἀ
1165 2813 1207 2846 1⁶2
1426 2815 1446 2846 2
1479 2812 1535 2857 Ἀ

254 2873 340 2909 Lat.
586 2880 606 2913 3
821 2885 841 2915 5
873 2879 929 2925 ψ’,
1155 2885 1175 2917 8
1425 2888 1436 2918 ι
