2026 3423
993 306 1061 353 70

280 421 558 480 ctentibus,
593 422 789 488 postice
825 424 1012 490 saepius
1047 424 1456 493 adpendiculatis
1494 443 1530 473 s.
1567 443 1774 474 mucro-

275 505 425 551 natis.

343 590 446 636 Nec
476 589 601 646 alae,
653 608 748 637 nec
796 593 1072 639 scutellum
1133 594 1197 656 (*)
1255 593 1470 639 ultimus
1521 593 1774 640 articulus

274 674 548 740 palliorum
587 674 930 721 maxillarium
955 676 1317 724 securiformis.
1355 679 1609 724 Antennae
1631 676 1777 724 hete-

271 773 493 821 rogenae,
534 756 712 822 primis
750 758 982 806 articulis
1007 771 1202 825 septem
1234 758 1521 816 obconicis,
1574 758 1774 805 ultimis

281 852 511 906 quatuor
548 841 787 905 globosis.

345 943 503 992 Pedes
535 941 710 999 fortes,
746 941 1030 991 femoribus
1071 945 1387 1011 compressis,
1428 942 1646 990 inferius
1672 943 1780 990 sul-

272 1037 414 1074 catis.

342 1113 625 1166 Nocturna,
659 1109 712 1156 in
748 1110 873 1158 locis
906 1109 1150 1168 humidis,
1186 1110 1283 1158 sub
1332 1109 1590 1177 lapidibus
1625 1111 1777 1176 plan-

274 1196 445 1262 tisque
483 1194 706 1262 putridis
742 1195 1042 1244 habitantia.

339 1297 618 1345 Character
685 1309 930 1346 externus
996 1299 1082 1347 vix
1122 1317 1303 1348 sexum
1370 1298 1591 1346 divinari
1641 1299 1779 1346 sinit.

280 1384 461 1431 Mucro
501 1383 793 1447 elytrorum
829 1384 1018 1447 longus
1060 1396 1151 1431 aut
1180 1383 1509 1431 abbreviatus
1563 1382 1778 1448 utrique

277 1465 423 1514 sexui
482 1467 724 1532 proprius
779 1477 869 1513 est.
911 1468 1116 1514 Femina
1156 1480 1322 1515 tamen
1378 1467 1563 1514 lamina
1619 1465 1779 1513 abdo-

272 1548 422 1595 minis
454 1548 636 1595 ultima
669 1547 875 1614 majore,
915 1548 1019 1596 basi
1057 1549 1358 1606 dilatatiori,
1391 1549 1633 1615 cognosci
1687 1567 1783 1614 po-

283 1643 396 1679 test.
435 1634 565 1680 Nam
596 1631 871 1680 fasciculus
906 1644 1136 1680 setarum
1194 1633 1627 1700 ferruginearum,
1679 1633 1778 1680 sub

275 1717 443 1784 primo
484 1717 705 1764 articulo
741 1717 1043 1775 abdominis,
1081 1737 1238 1784 quem
1272 1718 1475 1766 feminae
1514 1718 1777 1775 tribuunt,

278 1800 492 1866 quibus,
522 1800 713 1866 lapides
748 1812 839 1847 aut
874 1818 1091 1867 corpora
1136 1801 1267 1848 dura
1326 1800 1557 1857 terendo,
1613 1818 1781 1848 mares

277 1884 479 1932 allicere
516 1884 858 1942 contendunt,
893 1886 1246 1948 (Heineeken,
1297 1887 1433 1932 Zool.
1470 1887 1653 1932 Journ.
1695 1885 1777 1932 18.

277 1985 326 2035 p.
362 1967 515 2031 200)
566 1985 682 2014 raro
721 1967 877 2015 adest.
947 1960 1190 2016 Videtur·
1225 1967 1482 2034 adpendix
1546 1963 1777 2024 externa,

279 2071 397 2118 quae
433 2071 552 2100 cum
590 2052 825 2118 partibus
852 2051 1068 2099 internis
1093 2053 1301 2099 nullum
1341 2050 1499 2098 habet
1533 2068 1743 2096 nexum.

347 2154 399 2202 Si
434 2154 497 2201 ad
530 2165 845 2204 structuram
887 2165 939 2201 et
973 2153 1194 2200 formam
1229 2154 1552 2219 elytrorum,
1590 2151 1779 2217 saepius

282 2238 621 2284 mucronibus
654 2240 771 2303 plus
811 2237 1047 2285 minusve
1095 2237 1260 2301 longis
1303 2236 1627 2283 munitorum
1695 2253 1783 2282 so—

284 2319 397 2374 lam,
431 2319 778 2384 respiciamus,
841 2320 1030 2384 copula
1066 2319 1255 2365 horum
1303 2318 1602 2365 animalium
1653 2317 1781 2364 diffi-

284 2400 470 2449 cillime
509 2402 904 2467 intelligeretur.
967 2406 1141 2450 Partes
1183 2401 1401 2449 internae
1438 2401 1780 2467 quaestionem

344 2654 372 2679 Af*

343 2654 387 2703 x)
419 2654 636 2690 Prcesentia
668 2654 832 2690 scutelli
869 2657 910 2688 in
948 2655 1068 2689 unica
1099 2655 1231 2702 specie
1264 2655 1405 2701 primae
1445 2650 1639 2687 sectionis
1687 2647 1791 2683 mihi

290 2725 467 2761 obvenit.
496 2726 597 2760 Sunt
626 2737 710 2774 quae
737 2732 975 2761 constanter
1004 2724 1218 2760 scutellum
1251 2722 1502 2772 possideant,
1523 2721 1702 2756 ubivero
1719 2718 1793 2754 alii

292 2795 548 2832 characteres
581 2809 725 2831 novum
748 2809 887 2845 genus,
920 2796 1053 2845 (certe
1083 2798 1283 2845 subgenus
1312 2790 1501 2842 Peltarii)
1533 2789 1702 2827 creandi
1722 2803 1791 2826 ne·

295 2869 437 2903 cessim
447 2877 521 2905 tem
554 2869 761 2918 imponere
793 2865 997 2903 videntur.
