2046 3423
240 399 440 462 Corpus
480 397 691 463 nigrum
727 397 950 464 piceum.
988 397 1146 447 Pedes
1182 398 1376 465 pallidi.

243 482 362 530 Hal).
404 482 457 529 in
495 481 763 548 Songoria.
800 482 859 528 D.
896 483 1142 529 KARELIN.

610 637 991 686 'rRICHODES
1026 640 1232 685 HERBST.

696 777 915 820 CLERUS,
943 776 1152 812 Latmille.

568 902 655 950 35.
696 904 981 950 TRlcnoDEs
1017 901 1284 949 ancillaris.

180 1046 232 1092 T.
272 1044 560 1102 meneleus,-
629 1047 794 1111 capite
866 1042 1166 1110 tlzoraceqae
1249 1043 1676 1110 griseo-pilosus,-

304 1128 486 1193 clytris
521 1131 803 1195 punctalis,
862 1132 1099 1192 margine
1133 1128 1360 1175 ancillari
1400 1138 1445 1175 ec
1484 1128 1675 1175 latera-

306 1210 347 1258 li
392 1210 461 1258 ad
494 1210 779 1260 dimidium
814 1229 972 1278 usque
1012 1215 1277 1279 guttisque
1314 1215 1481 1277 apicis
1518 1213 1681 1258 cocci-

303 1298 421 1342 nois.

644 1436 767 1486 Long.
798 1439 819 1473 5
847 1437 922 1473 lin.
952 1437 1040 1473 Lat.
1068 1441 1105 1473 Ξ.
1140 1437 1214 1473 lin.

228 1559 454 1597 Trichodes
485 1559 683 1604 axium-is,
717 1562 896 1598 Flscunn.
919 1562 1007 1599 Cat.
1043 1561 1129 1599 Col.
1159 1562 1298 1599 Karel.
1325 1575 1366 1612 p.
1396 1565 1435 1598 9.
1457 1575 1496 1598 n.
1530 1565 1593 1598 56.

232 1684 596 1751 Magnitudine
633 1687 686 1733 T.
726 1684 960 1734 illustris
1028 1687 1222 1734 STEVEN
1291 1697 1381 1734 aut
1438 1690 1679 1753 pzcnclatc'

169 1769 379 1817 DEJEAN.

233 1855 405 1919 Caput
441 1863 494 1900 et
533 1852 723 1901 thorax
770 1851 1033 1918 profunde
1065 1855 1293 1902 coerulea
1346 1853 1463 1920 pilis
1510 1853 1681 1902 densis

168 1947 222 1986 et
254 1937 422 2002 longis
457 1936 640 1984 obsita.
683 1939 957 1996 Antennae‚
992 1937 1135 1986 oculi
1168 1937 1418 2004 palpique
1453 1938 1608 2003 nigri.

238 2041 419 2106 Elytra
456 2040 1088 2106 punctato-subrugulosa
1115 2041 1364 2100 nitentia,
1422 2044 1539 2090 laete
1571 2060 1677 2091 coe-

167 2123 312 2170 rulea
339 2158 351 2179 ,
407 2123 640 2188 margine
695 2123 893 2170 axillari
927 2134 979 2171 et
1028 2124 1227 2171 laterali
1265 2141 1434 2191 usque
1469 2124 1533 2172 ad
1574 2143 1682 2172 me-

166 2203 315 2252 dium
349 2205 508 2272 clyti-i
546 2205 639 2252 ubi
678 2205 732 2252 in
769 2204 980 2253 fasciam
1018 2205 1340 2255 dimidiatam
1398 2207 1588 2256 desinit
1627 2219 1679 2255 et

167 2299 319 2355 gutta
355 2288 758 2355 quadrangulari
792 2290 1045 2357 utrinque
1089 2291 1359 2339 coccineis.

230 2393 418 2439 Pectus
455 2402 506 2438 et
543 2407 735 2457 corpus
773 2390 1103 2439 subcoerulea
1142 2408 1296 2440 aenea.

234 2472 399 2521 Pedes
435 2474 665 2521 coeruhei.

235 2558 322 2604 Tr.
356 2567 644 2622 punctatus
686 2567 881 2622 puncta
919 2556 971 2603 in
1007 2556 1176 2605 medio
1213 2570 1264 2606 et
1300 2559 1354 2606 in
1384 2559 1526 2626 apice
1559 2577 1677 2606 coc-

170 2639 315 2687 cinea
344 2638 540 2694 habet3
573 2657 751 2705 margo
788 2638 896 2706 ejus
932 2641 1120 2688 coloris
1155 2660 1339 2709 expers
1376 2653 1467 2691 est.
1535 2645 1676 2690 Pun-

170 2722 243 2769 cti
276 2724 392 2770 loco
426 2723 482 2770 in
517 2724 600 2770 Tr.
643 2723 871 2770 ascillas-i
907 2722 1063 2772 fascia
1098 2725 1398 2775 abbreviata
1431 2726 1590 2776 adest.

241 2804 363 2852 Hah.
399 2805 451 2852 iu
494 2805 759 2871 Songoria.
803 2805 860 2851 D.
903 2806 1146 2854 KARELlN.
